
@article{Batzri1973,
  author       = {Batzri, Shmuel and Korn, ED},
  doi	       = {10.1016/0005-2736(73)90408-2},
  file	       =
                  {:home/sunthar/Dropbox/Research/vesicles/papers/spi/N73bba1015-ethanol-injection.pdf:pdf},
  journal      = {Biochim. Biophys. Acta},
  pages	       = {1015-1019},
  title	       = {{Single bilayer liposomes prepared without
                  sonication}},
  volume       = 298,
  year	       = 1973
}

@InCollection{Sackmann1995a,
  author       = {Sackmann, E},
  title	       = {Physical Basis of Self-Organization and Function of
                  Membranes: Physics of Vesicles},
  booktitle    = {Structure and Dynamics of Membranes: From Cells to
                  Vesicles},
  editor       = {R Lipowsky and E Sackmann},
  chapter      = 5,
  pages	       = {213-303},
  year	       = 1995,
  volume       = {1A},
  series       = {Handbook of Biological Physics},
  publisher    = {Elsevier}
}



@Book{Boal2012,
  author       = {David Boal},
  title	       = {Mechanics of the Cell},
  publisher    = {Cambridge},
  year	       = 2012,
  edition      = 2
}

@MastersThesis{jariwala00,
  author       = {Saurabh Jariwala},
  title	       = {Lattice Boltzmann Simulation of Lamellar Phase},
  school       = {Chemical Engineering, Indian Institute of Science},
  year	       = 2000,
  address      = {Bangalore, India}
}

@Misc{Smith99,
  author       = {Douglas E Smith},
  year	       = 1999,
  howpublished = {Private communication},
    note       = {Duc At has the communication regarding the details
                  passed on by Smith}
}

@Unpublished{SunHI03,
  author       = {P Sunthar},
  title	       = {Calculation of fixed point in the Zimm model:
                  revisited},
  note	       = {Unpublished notes},
  year	       = 2003
}

@PhdThesis{luding94,
  author       = {Luding, S},
  title	       = {Models and Simulations of Granular Materials},
  school       = {Albert-{L}udwigs-{U}nivetsit{\"a}t {F}reiburg},
  year	       = 1994,
  month	       = {October},
  url	       =
                  {http://www2.msm.ctw.utwente.nl/sluding/PAPERS/PhD_Luding.pdf}
}

@InProceedings{rich-mart92,
  author       = {W. Richman and Richard E. Martin},
  title	       = {Unconfined granular materials thermalised by
                  fluctuating horizontal surfaces},
  booktitle    = {Engineering Mechanics: Proceedings of the Ninth
                  Conference},
  organization = {Engineering Mechanics Division},
  chapter      = 3,
  pages	       = {900-903},
  year	       = 1992,
  editor       = {Loren D. Lutes and John M. Niedzwecki},
  publisher    = {American Society of Civil Engineers, New York},
  month	       = {May 24--27}
}

%%%%%%%%%%%%%%%%%%%%%%%%
%%%%% My Citations %%%%%
%%%%%%%%%%%%%%%%%%%%%%%%

@InProceedings{MIT_EyeTracking_paper,
  author = {Krafka, Kyle and Khosla, Aditya and Kellnhofer, Petr and Kannan, Harini and Bhandarkar, Suchendra and Matusik, Wojciech and Torralba, Antonio},
  title = {Eye Tracking for Everyone},
  booktitle = {Proceedings of the IEEE Conference on Computer Vision and Pattern Recognition (CVPR)},
  month = {June},
  year = {2016},
  pages = {2176-2184}
}

@InProceedings{retinaFace2020,
author = {Deng, Jiankang and Guo, Jia and Ververas, Evangelos and Kotsia, Irene and Zafeiriou, Stefanos},
title = {RetinaFace: Single-Shot Multi-Level Face Localisation in the Wild},
booktitle = {Proceedings of the IEEE/CVF Conference on Computer Vision and Pattern Recognition (CVPR)},
month = {June},
year = {2020},
pages = {5203-5212}
}



@InProceedings{ssd2016,
author = "Liu, Wei and Anguelov, Dragomir and Erhan, Dumitru and Szegedy, Christian and Reed, Scott and Fu, Cheng-Yang and Berg, Alexander C.",
editor = "Leibe, Bastian and Matas, Jiri and Sebe, Nicu and Welling, Max",
title = "SSD: Single Shot MultiBox Detector",
booktitle = "Computer Vision -- ECCV 2016",
year = "2016",
publisher = "Springer International Publishing",
address = "Cham",
pages = "21--37",
isbn = "978-3-319-46448-0"
}

@InProceedings{dsfd2018,
author = {Li, Jian and Wang, Yabiao and Wang, Changan and Tai, Ying and Qian, Jianjun and Yang, Jian and Wang, Chengjie and Li, Jilin and Huang, Feiyue},
title = {DSFD: Dual Shot Face Detector},
booktitle = {Proceedings of the IEEE/CVF Conference on Computer Vision and Pattern Recognition (CVPR)},
month = {June},
year = {2019},
pages = {5060-5069}
}

@misc{lffd2019,
  doi = {10.48550/ARXIV.1904.10633},
  author = {He, Yonghao and Xu, Dezhong and Wu, Lifang and Jian, Meng and Xiang, Shiming and Pan, Chunhong},
  title = {LFFD: A Light and Fast Face Detector for Edge Devices},
  publisher = {arXiv},
  year = {2019},
}

@article{yolov5face2021,
  title = {YOLOv5 Face: Why Reinventing a Face Detector},
  author = {Qi, Delong and Tan, Weijun and Yao, Qi and Liu, Jingfeng},
  journal = {arXiv:2105.12931v2},
  year = {2021}
}



@article{dcnn,
  author={Deng, Jiankang and Trigeorgis, George and Zhou, Yuxiang and Zafeiriou, Stefanos},
  journal={IEEE Transactions on Image Processing}, 
  title={Joint Multi-View Face Alignment in the Wild}, 
  year={2019},
  volume={28},
  number={7},
  pages={3636-3648},
  doi={10.1109/TIP.2019.2899267}
}

@article{menpo,
  author = {J. Deng and A. Roussos and G. Chrysos},
  title = {The Menpo Benchmark for Multi-pose 2D and 3D Facial Landmark Localisation and Tracking},
  journal = {IJCV},
  volume = {127},
  pages = {599â€“624},
  year = {2019}
}